<record><leader>00000cas a2200000 a 4500</leader><controlfield tag="001">12590717</controlfield><controlfield tag="008">850923u1976uuuuksuwr ne      0    0eng d</controlfield><datafield ind1=" " ind2=" " tag="010"><subfield code="a">sn 85029887 </subfield></datafield><datafield ind1=" " ind2=" " tag="040"><subfield code="a">KSH</subfield><subfield code="b">eng</subfield><subfield code="c">KSH</subfield><subfield code="d">NPT</subfield><subfield code="d">OCL</subfield><subfield code="d">OCLCQ</subfield></datafield><datafield ind1=" " ind2=" " tag="042"><subfield code="a">msc</subfield></datafield><datafield ind1="0" ind2="0" tag="245"><subfield code="a">Plainsman-journal.</subfield></datafield><datafield ind1=" " ind2=" " tag="260"><subfield code="a">Hoxie, Kan. :</subfield><subfield code="b">Tri-State Plainsman, Inc.,</subfield><subfield code="c">1976-</subfield></datafield><datafield ind1=" " ind2=" " tag="300"><subfield code="a">v. :</subfield><subfield code="b">ill. ;</subfield><subfield code="c">57 cm.</subfield></datafield><datafield ind1=" " ind2=" " tag="310"><subfield code="a">Weekly</subfield></datafield><datafield ind1="0" ind2=" " tag="362"><subfield code="a">Vol. 25, no. 20 (Jan. 15, 1976)-</subfield></datafield><datafield ind1=" " ind2=" " tag="515"><subfield code="a">Jan. 15, 1976 issue and Jan. 8, 1976 issue of Jennings journal (Jennings, Kan. : 1975) both numbered v. 25, no. 20.</subfield></datafield><datafield ind1=" " ind2=" " tag="752"><subfield code="a">United States</subfield><subfield code="b">Kansas</subfield><subfield code="c">Sheridan</subfield><subfield code="d">Hoxie.</subfield></datafield><datafield ind1="0" ind2="0" tag="780"><subfield code="t">Jennings journal (Jennings, Kan. : 1975)</subfield><subfield code="w">(OCoLC)10884478</subfield></datafield><datafield ind1="1" ind2=" " tag="029"><subfield code="a">AU@</subfield><subfield code="b">000022172850</subfield></datafield></record>